@article{Hoeting+1999,
    title = {{Bayesian Model Averaging: A Tutorial}},
    year = {1999},
    journal = {Statistical Science},
    author = {Hoeting, J and Madigan, D and Raftery, A and Volinsky, C},
    volume = {14},
    number={4},
    pages={382--417},
    doi = {10.1214/ss/1009212519}
}

@article{Beck+2017,
    title = {{Bayesian model averaging and jointness measures: theoretical framework and application to the gravity model of trade}},
    year = {2017},
    journal = {Statistics in Transition. New Series},
    author = {Beck, Krzysztof},
    number = {3},
    pages = {393--412},
    volume = {18},
    doi = {10.21307/stattrans-2016-077}
}

@article{Fernandez+2001,
    title = {{Benchmark priors for Bayesian model averaging}},
    year = {2001},
    journal = {Journal of Econometrics},
    author = {Fern{\'{a}}ndez, Carmen and Ley, Eduardo and Steel, Mark F.J.},
    number = {2},
    pages = {381--427},
    volume = {100},
    doi = {10.1016/S0304-4076(00)00076-2},
}

@article{Arin+2019,
    title = {{Revisiting the growth effects of fiscal policy: A Bayesian model averaging approach}},
    year = {2019},
    journal = {Journal of Macroeconomics},
    author = {Arin, K. Peren and Braunfels, Elias and Doppelhofer, Gernot},
    number = {103158},
    pages = {1--16},
    volume = {62},
    doi = {10.1016/j.jmacro.2019.103158},
}

@article{Eicher+2012,
    title = {{Robust FDI determinants: Bayesian Model Averaging in the presence of selection bias}},
    year = {2012},
    journal = {Journal of Macroeconomics},
    author = {Eicher, Theo S. and Helfman, Lindy and Lenkoski, Alex},
    number = {3},
    pages = {637--651},
    volume = {34},
    doi = {10.1016/j.jmacro.2012.01.010}
}

@article{Eicher+2007,
    title = {{Unraveling the fortunes of the fortunate: An Iterative Bayesian Model Averaging (IBMA) approach}},
    year = {2007},
    journal = {Journal of Macroeconomics},
    author = {Eicher, Theo S. and Papageorgiou, Chris and Roehn, Olivier},
    number = {3},
    pages = {494--514},
    volume = {29},
    doi = {10.1016/j.jmacro.2007.01.008}
}

@article{Fernandez+2001b,
    title = {{Model uncertainty in cross-country growth regressions}},
    year = {2001},
    journal = {Journal of Applied Econometrics},
    author = {Fern{\'{a}}ndez, Carmen and Ley, Eduardo and Steel, Mark F.J.},
    number = {5},
    pages = {563--576},
    volume = {16},
    doi = {10.1002/jae.623},
}

@article{Mirestean+2016,
    title = {{Growth Determinants Revisited Using Limited‐Information Bayesian Model Averaging}},
    year = {2016},
    journal = {Journal of Applied Econometrics},
    author = {Mirestean, Alin and Tsangarides, Charalambos G},
    number = {1},
    pages = {106--132},
    volume = {31},
    doi = {10.1002/jae.2472},
}

@article{Chen+2018,
    title = {{Limited information bayesian model averaging for dynamic panels with application to a trade gravity model}},
    year = {2018},
    journal = {Econometric Reviews},
    author = {Chen, Huigang and Mirestean, Alin and Tsangarides, Charalambos G},
    number = {7},
    pages = {777--805},
    volume = {37},
    doi = {10.1080/07474938.2016.1167857},
}

@article{Leon+2015,
    title = {{Endogeneity and panel data in growth regressions: A Bayesian model averaging approach}},
    year = {2015},
    journal = {Journal of Macroeconomics},
    author = {León-González, Roberto and Montolio, Daniel},
    pages = {23--39},
    volume = {24},
    doi = {10.1016/j.jmacro.2015.07.003},
}

@article{Feldkircher+2015,
    title = {{Bayesian Model Averaging Employing Fixed and Flexible Priors: The BMS Package for R}},
    year = {2015},
    booktitle = {Journal of Statistical Software},
    volume={68},
    number={4},
    author = {Feldkircher, Martin and Zeugner, Stefan},
    pages = {1--37},
    doi = {10.18637/jss.v068.i04}
}

@article{Hofmarcher+2018,
    title = {{Bivariate joint measure in Bayesian Model Averaging: Solving the conundrum}},
    year = {2018},
    journal = {Journal of Macroeconomics},
    author = {Hofmarcher, Paul and Crespo Cuaresma, Jesus and Gr{\"{u}}n, Bettina and Humer, Stefan and Moser, Mathias},
    pages = {150--165},
    volume = {57},
    doi = {10.1016/j.jmacro.2018.05.005}
}

@article{Leamer+1983,
  title={{Let's Take the Con Out of Econometrics}},
  author={Leamer, Edward E},
  journal={The American Economic Review},
  volume={73},
  number={1},
  pages={31--43},
  year={1983}
}

@article{Eicher+2011,
    title = {{Default priors and predictive performance in Bayesian model averaging, with application to growth determinants}},
    year = {2011},
    journal = {Journal of Applied Econometrics},
    author = {Eicher, Theo S. and Papageorgiou, Chris and Raftery, Adrian E.},
    number = {1},
    pages = {30--55},
    volume = {26},
    doi = {10.1002/jae.1112}
}

@article{Sala+2004,
    title = {{Determinants of Long-Term Growth: A Bayesian Averaging of Classical Estimates (BACE) Approach}},
    year = {2004},
    journal = {The American Economic Review},
    author = {Sala-I-Martin, Xavier and Doppelhofer, Gernot and Miller, Ronald I.},
    pages = {813--835},
    volume = {94},
    doi = {10.2307/3592794}
}

@article{Sala+1997,
    title = {{I Just Ran Two Million Regressions}},
    year = {1997},
    journal = {The American Economic Review},
    author = {Sala-I-Martin, Xavier},
    pages = {178--183},
    volume = {27},
    number={2}
}

@incollection{George+2010,
    title = {{Dilution priors: Compensating for model space redundancy}},
    year = {2010},
    booktitle = {Borrowing Strength: Theory Powering Applications – A Festschrift for Lawrence D. Brown},
    author = {George, Edward I},
    editor = {Berger, James O and Cai, Tony and Johnstone, Iain M},
    pages = {158--165},
    publisher = {Institute of Mathematical Statistics},
    address = {Beachwood, OH},
    doi = {10.1214/10-IMSCOLL611}
}

@article{Ley+2007,
    title = {{Jointness in Bayesian variable selection with applications to growth regression}},
    year = {2007},
    journal = {Journal of Macroeconomics},
    author = {Ley, Eduardo and Steel, Mark F.J.},
    number = {3},
    pages = {476--493},
    volume = {29},
    doi = {10.1016/j.jmacro.2006.12.002}
}

@article{Doppelhofer+2009,
    title = {{Jointness of growth determinants}},
    year = {2009},
    journal = {Journal of Applied Econometrics},
    author = {Doppelhofer, Gernot and Weeks, Melvyn},
    number = {2},
    pages = {209--244},
    volume = {24},
    doi = {10.1002/jae.1046}
}

@article{Ley+2012,
    title = {{Mixtures of g-priors for Bayesian model averaging with economic applications}},
    year = {2012},
    journal = {Journal of Econometrics},
    author = {Ley, Eduardo and Steel, Mark F.J.},
    number = {2},
    pages = {251--266},
    volume = {171},
    address = {2},
    doi = {10.1016/j.jeconom.2012.06.009}
}

@article{Steel+2020,
    title = {{Model Averaging and Its Use in Economics}},
    year = {2020},
    journal = {Journal of Economic Literature},
    author = {Steel, Mark F.J.},
    number = {3},
    pages = {644--719},
    volume = {58},
    doi = {10.1257/jel.20191385}
}

@article{Ley+2009,
    title = {{On the effect of prior assumptions in Bayesian model averaging with applications to growth regression}},
    year = {2009},
    journal = {Journal of Applied Econometrics},
    author = {Ley, Eduardo and Steel, Mark F.J.},
    number = {4},
    pages = {651--674},
    volume = {24},
    doi = {10.1002/jae.1057}
}

@article{Masanjala+2008,
    title = {{Rough and lonely road to prosperity: a reexamination of the growth in Africa using Bayesian model averaging}},
    year = {2008},
    journal = {Journal of Applied Econometrics},
    author = {Masanjala, Winford H. and Papageorgiou, Chris},
    pages = {671--682},
    volume = {23},
    number={5},
    doi = {10.1002/jae.1020}
}

@article{Moser+2014,
    title = {{Model priors revisited: Interaction terms in BMA growth applications}},
    year = {2014},
    journal = {Journal of Applied Econometrics},
    author = {Moser, Mathias  and Hofmarcher, Paul},
    pages = {344--347},
    volume = {29},
    number={2},
    doi = {10.1002/jae.2365}
}

@article{Moral+2013,
    title = {{Likelihood-Based Estimation of Dynamic Panels with Predetermined Regressors}},
    year = {2013},
    journal = {Journal of Business and Economic Statistics},
    author = {Moral-Benito, Enrique},
    pages = {451--472},
    volume = {31},
    number={4},
    doi = {10.1080/07350015.2013.818003}
}

@article{Moral+2012,
    title = {{Determinants of Economic Growth: A Bayesian Panel Data Approach}},
    year = {2012},
    journal = {The Review of Economics and Statistics},
    author = {Moral-Benito, Enrique},
    pages = {566--579},
    volume = {92},
    number={4},
    doi = {10.1162/REST a 00154}
}

@article{Moral+2019,
    title = {{Dynamic panel data modelling using maximum likelihood: An alternative to Arellano-Bond}},
    year = {2019},
    journal = {Applied Economics},
    author = {Moral-Benito, Enrique and Allison, Paul and Williams,  Richard},
    pages = {2221--2232},
    volume = {51},
    number={20},
    doi = {10.1080/00036846.2018.1540854}
}

@article{Moral+2015,
    title = {{Model Averaging in Economics: An Overview}},
    year = {2015},
    journal = {Journal of Economic Surveys},
    author = {Moral-Benito, Enrique},
    pages = {46--75},
    volume = {29},
    number={1},
    doi = {10.1111/joes.12044}
}

@article{Moral+2016,
    title = {{Growth Empirics in Panel Data Under Model Uncertainty and Weak Exogeneity}},
    year = {2016},
    journal = {Journal of Applied Econometrics},
    author = {Moral-Benito, Enrique},
    pages = {584-602},
    volume = {31},
    number={3},
    doi = {10.1002/jae.2429}
}

@article{Jeffreys+1946,
    title = {{An invariant form for the prior probability in estimation problems}},
    year = {1946},
    journal = {Proceedings of the Royal Society of London. Series A, Mathematical and Physical Sciences},
    author = {Jeffreys, Harold},
    pages = {453--461},
    volume = {186},
    number={1007},
    doi = { 10.1098/rspa.1946.0056}
}

@book{Leamer+1978,
    title        = {Specification Searches: Ad Hoc Inference with Nonexperimental Data},
    author       = {Leamer, Edward E.},
    year         = {1978},
    publisher    = {John Wiley \& Sons},
    address      = {New York}
}

@article{Leamer+1985,
    title = {{Sensitivity Analyses Would Help}},
    year = {1985},
    journal = {American Economic Review},
    author = {Leamer, Edward E.},
    pages = {308--313},
    volume = {75},
    number={3}
}

@article{Leamer+1981,
    title = {{Reporting the fragility of regression estimates}},
    year = {1981},
    journal = {The Review of Economics and Statistics},
    author = {Leamer, Edward E. and Leonard, Herman},
    pages = {306--317},
    volume = {65},
    number={2},
    doi = {10.2307/1924497}
}

@article{Levine+1992,
    title = {{A Sensitivity Analysis of Cross-Country Growth Regressions}},
    year = {1992},
    journal = {The American Economic Review},
    author = {Levine, Ross and Renelt, David},
    number = {4},
    pages = {942--963},
    volume = {82}
}

@article{Barro+1991,
    title = {{Economic Growth in a Cross Section of Countries}},
    year = {1991},
    journal = {The Quarterly Journal of Economics},
    author = {Barro, Robert J.},
    number = {2},
    pages = {407-443},
    volume = {106},
    doi = {10.2307/2937943}
}

@article{Blazejowski+2015,
    title = {{Bayesian Model Averaging and Jointness Measures for gretl}},
    year = {2015},
    journal = {Journal of Statistical Software},
    author = {Błażejowski, M. and Kwiatkowski, J.},
    number = {5},
    pages = {1--24},
    volume = {68},
    doi = {10.18637/jss.v068.i05},
}

@article{Kass+1995b,
    title = {{Bayes Factors}},
    year = {1995},
    journal = {Journal of the American Statistical Association},
    author = {Kass, Robert E. and Raftery, Adrian E.},
    number = {430},
    pages = {773--795},
    volume = {90},
    doi = {10.1080/01621459.1995.10476572}
}

@article{Raftery+1995,
    title = {{Bayesian model selection in social research}},
    year = {1995},
    journal = {Sociological Methodology},
    author = {Raftery, Adrian E.},
    pages = {111--163},
    volume = {25},
    doi={10.2307/271063}
}

@article{Raftery+1997,
author = {Raftery, Adrian E. and Madigan, David  and Jennifer A. Hoeting},
title = {Bayesian Model Averaging for Linear Regression Models},
journal = {Journal of the American Statistical Association},
volume = {92},
number = {437},
pages = {179--191},
year = {1997},
doi = {10.1080/01621459.1997.10473615}
}

@article{Raftery+2005,
  author    = {Adrian E. Raftery and Ian S. Painter and Christopher T. Volinsky},
  title     = {{BMA}: An {R} Package for Bayesian Model Averaging},
  journal   = {R News},
  year      = {2005},
  volume    = {5},
  number    = {2},
  pages     = {2--8}
}

@article{clyde2011bayesian,
  title={Bayesian Adaptive Sampling for Variable Selection and Model Averaging},
  author={Clyde, Merlise A. and Ghosh, Jayanta and Littman, Michael L.},
  journal={Journal of Computational and Graphical Statistics},
  volume={20},
  number={1},
  pages={80--101},
  year={2011},
  doi={10.1198/jcgs.2010.09049}
}

@article{amini2011bayesian,
  title={Bayesian Model Averaging in R},
  author={Amini, Shahram M. and Parmeter, Christopher F.},
  journal={Journal of Economic and Social Measurement},
  volume={36},
  number={4},
  pages={253--287},
  year={2011},
  doi={10.3233/JEM-2011-0350}
}

@article{Hlavac+2016,
 title={ExtremeBounds: Extreme Bounds Analysis in R},
 volume={72},
 doi={10.18637/jss.v072.i09},
 number={9},
 journal={Journal of Statistical Software},
 author={Hlavac, Marek},
 year={2016},
 pages={1--22}
}

@article{Granger+1990,
title = {Reasonable extreme-bounds analysis},
journal = {Journal of Econometrics},
volume = {44},
number = {1},
pages = {159--170},
year = {1990},
doi = {10.1016/0304-4076(90)90077-7},
author = {Clive W.J. Granger and Harald F. Uhlig}
}

@article{Figini+2017,
author = {Silvia Figini and Paolo Giudici},
title = {Credit risk assessment with Bayesian model averaging},
journal = {Communications in Statistics - Theory and Methods},
volume = {46},
number = {19},
pages = {9507--9517},
year = {2017},
doi = {10.1080/03610926.2016.1212070}
}

@article{Ductor+2016,
    title = {{Dynamics of Global Business Cycles Interdependence}},
    year = {2016},
    journal = {Journal of International Economics},
    author = {Ductor, Lorenzo and Leiva-Leon, Danilo},
    pages = {1109--1127},
    volume = {102},
    doi = {10.1016/j.jinteco.2016.07.003}
}

@article{Beck+2022,
  title={{Macroeconomic policy coordination and the European business cycle: Accounting for model uncertainty and reverse causality}},
  author={Beck, Krzysztof},
  journal={Bulletin of Economic Research},
  year={2022},
  volume={74},
  number={4},
  pages={1095--1114},
  doi={10.1111/boer.12334}
}

@article{Liu+2009,
author = {Liu, Chun and Maheu, John M.},
title = {Forecasting realized volatility: a Bayesian model-averaging approach},
journal = {Journal of Applied Econometrics},
volume = {24},
number = {5},
pages = {709-733},
doi = {10.1002/jae.1070},
year = {2009}
}

@article{Lenkoski+2014,
  author = {Alex Lenkoski and Theo S. Eicher and Adrian E. Raftery},
  title = {Two-Stage Bayesian Model Averaging in Endogenous Variable Models},
  journal = {Econometric Reviews},
  volume = {33},
  number = {1-4},
  pages = {122--151},
  year = {2014},
  doi = {10.1080/07474938.2013.807150}
}

@article{Sloughter+2013,
  author = {J. McLean Sloughter and Tilmann Gneiting and Adrian E. Raftery},
  title = {Probabilistic Wind Vector Forecasting Using Ensembles and Bayesian Model Averaging},
  journal = {Monthly Weather Review},
  year = {2013},
  volume = {141},
  number = {6},
  pages = {2107--2119},
  doi = {10.1175/MWR-D-12-00002.1}
}

@article{Baran+2015,
author = {Baran, S. and M\"oller, A.},
title = {Joint probabilistic forecasting of wind speed and temperature using Bayesian model averaging},
journal = {Environmetrics},
volume = {26},
number = {2},
pages = {120--132},
doi = {0.1002/env.2316},
year = {2015}
}

@article{Fragoso+2018,
author = {Fragoso, Tiago M. and Bertoli, Wesley and Louzada, Francisco},
title = {Bayesian Model Averaging: A Systematic Review and Conceptual Classification},
journal = {International Statistical Review},
volume = {86},
number = {1},
pages = {1--28},
doi = {10.1111/insr.12243},
year = {2018}
}

@article{Payne+2024,
  author = {Richard D. Payne and Pallavi Ray and Mitchell A. Thomann},
  title = {Bayesian Model Averaging of Longitudinal Dose-Response Models},
  journal = {Journal of Biopharmaceutical Statistics},
  volume = {34},
  number = {3},
  pages = {349--365},
  year = {2024},
  doi = {10.1080/10543406.2023.2292214}
}

@article{Horvath+2024,
title = {The determinants of financial development: Evidence from Bayesian model averaging},
journal = {Economic Systems},
number = {101274},
year = {2024},
doi = {10.1016/j.ecosys.2024.101274},
author = {Roman Horvath and Eva Horvatova and Maria Siranova}
}

@article{DAndrea+2022,
title = {Are there any robust determinants of growth in Europe? A Bayesian Model Averaging approach},
journal = {International Economics},
volume = {171},
pages = {143--173},
year = {2022},
doi = {10.1016/j.inteco.2022.06.001},
author = {Sara D'Andrea}
}

@article{Guliyev+2024,
  author = {Hasraddin Guliyev},
  title = {Determinants of Ecological Footprint in European Countries: Fresh Insight from Bayesian Model Averaging for Panel Data Analysis},
  journal = {Science of The Total Environment},
  volume = {912},
  pages = {169455},
  year = {2024},
  doi = {10.1016/j.scitotenv.2023.169455}
}

@article{Aller+2021,
  author = {Carlos Aller and Lorenzo Ductor and Daryna Grechyna},
  title = {Robust determinants of CO2 emissions},
  journal = {Energy Economics},
  volume = {96},
  number = {105154},
  year = {2021},
  doi = {10.1016/j.eneco.2021.105154}
}

@article{Beck+2025,
  author       = {Joanna Beck and Krzysztof Beck and Marta de Białynia Woycikiewicz and Katarzyna Jednoróg},
  title        = {The trajectory of letter and speech sounds association in children: insights from a cross-sectional study},
  journal      = {Reading and Writing},
  year         = {2025},
  doi          = {10.1007/s11145-025-10645-9}
}
